@article{murata2002m-tran,
  title={M-TRAN: Self-reconfigurable modular robotic system},
  author={Murata, Satoshi and Yoshida, Eiichi and Kamimura, Akiya and Kurokawa, Haruhisa and Tomita, Kohji and Kokaji, Shigeru},
  journal={IEEE/ASME transactions on mechatronics},
  volume={7},
  number={4},
  pages={431--441},
  year={2002},
  publisher={IEEE}
}

@inproceedings{stormont2005autonomous,
	title={Autonomous rescue robot swarms for first responders},
	author={Stormont, Daniel P},
	booktitle={CIHSPS 2005. Proceedings of the 2005 IEEE International Conference on Computational Intelligence for Homeland Security and Personal Safety, 2005.},
	pages={151--157},
	year={2005},
	organization={IEEE}
}

@article{lindsey2011construction,
	title={Construction of cubic structures with quadrotor teams},
	author={Lindsey, Quentin and Mellinger, Daniel and Kumar, Vijay},
	journal={Proc. Robotics: Science \& Systems VII},
	year={2011}
}

@inproceedings{saldana2018modquad,
	title={Modquad: The flying modular structure that self-assembles in midair},
	author={Saldana, David and Gabrich, Bruno and Li, Guanrui and Yim, Mark and Kumar, Vijay},
	booktitle={2018 IEEE International Conference on Robotics and Automation (ICRA)},
	pages={691--698},
	year={2018},
	organization={IEEE}
}

@inproceedings{salemi2006superbot,
	title={SUPERBOT: A deployable, multi-functional, and modular self-reconfigurable robotic system},
	author={Salemi, Behnam and Moll, Mark and Shen, Wei-Min},
	booktitle={2006 IEEE/RSJ International Conference on Intelligent Robots and Systems},
	pages={3636--3641},
	year={2006},
	organization={IEEE}
}

@inproceedings{butler2002generic,
	title={Generic decentralized control for a class of self-reconfigurable robots},
	author={Butler, Zack and Kotay, Keith and Rus, Daniela and Tomita, Kohji},
	booktitle={Proceedings 2002 IEEE International Conference on Robotics and Automation (Cat. No. 02CH37292)},
	volume={1},
	pages={809--816},
	year={2002},
	organization={IEEE}
}

@article{oung2011distributed,
	title={The distributed flight array},
	author={Oung, Raymond and Dâ€™Andrea, Raffaello},
	journal={Mechatronics},
	volume={21},
	number={6},
	pages={908--917},
	year={2011},
	publisher={Elsevier}
}

@inproceedings{vattapparamban2016drones,
	title={Drones for smart cities: Issues in cybersecurity, privacy, and public safety},
	author={Vattapparamban, Edwin and G{\"u}ven{\c{c}}, {\.I}smail and Yurekli, Ali {\.I} and Akkaya, Kemal and Ulua{\u{g}}a{\c{c}}, Sel{\c{c}}uk},
	booktitle={2016 International Wireless Communications and Mobile Computing Conference (IWCMC)},
	pages={216--221},
	year={2016},
	organization={IEEE}
}

@article{mlot2011fire,
	title={Fire ants self-assemble into waterproof rafts to survive floods},
	author={Mlot, Nathan J and Tovey, Craig A and Hu, David L},
	journal={Proceedings of the National Academy of Sciences},
	volume={108},
	number={19},
	pages={7669--7673},
	year={2011},
	publisher={National Acad Sciences}
}

@inproceedings{duffy2015lift,
	title={The lift! project-modular, electric vertical lift system with ground power tether},
	author={Duffy, Michael J and Samaritano, Anthony},
	booktitle={33rd AIAA Applied Aerodynamics Conference},
	pages={3013},
	year={2015}
}

@online{faadronerule2017,
	title = {FAA Drone Rules (Part 107) Section 107.39 Operation over human beings},
	date = {2018},
	url = {https://jrupprechtlaw.com/section-107-39-operation-human-beings},
}

@online{polymagnet2008,
	title = {Programmable magnet wikipedia site},
	date = {2008},
	url = {https://en.wikipedia.org/wiki/Programmable-magnet},
}

@online{Gazebo,
	title = {Gazebo main website},
	date = {2019},
	url = {http://gazebosim.org/},
}

@online{pybullet,
	title = {PyBullet main website},
	date = {2019},
	url = {https://pybullet.org/wordpress/},
}

@online{simulation,
	title = {Anylogic - Use of simulation},
	date = {2019},
	url = {https://www.anylogic.com/use-of-simulation/},
}

@article{augugliaro2014flight,
	title={The flight assembled architecture installation: Cooperative construction with flying machines},
	author={Augugliaro, Frederico and Lupashin, Sergei and Hamer, Michael and Male, Cason and Hehn, Markus and Mueller, Mark W and Willmann, Jan Sebastian and Gramazio, Fabio and Kohler, Matthias and D'Andrea, Raffaello},
	journal={IEEE Control Systems Magazine},
	volume={34},
	number={4},
	pages={46--64},
	year={2014},
	publisher={IEEE}
}

@inproceedings{jorgensen2004modular,
	title={Modular ATRON: Modules for a self-reconfigurable robot},
	author={Jorgensen, Morten Winkler and Ostergaard, Esben Hallundbk and Lund, Henrik Hautop},
	booktitle={2004 IEEE/RSJ International Conference on Intelligent Robots and Systems (IROS)(IEEE Cat. No. 04CH37566)},
	volume={2},
	pages={2068--2073},
	year={2004},
	organization={Ieee}
}

@article{kurokawa2008distributed,
	title={Distributed self-reconfiguration of M-TRAN III modular robotic system},
	author={Kurokawa, Haruhisa and Tomita, Kohji and Kamimura, Akiya and Kokaji, Shigeru and Hasuo, Takashi and Murata, Satoshi},
	journal={The International Journal of Robotics Research},
	volume={27},
	number={3-4},
	pages={373--386},
	year={2008},
	publisher={Sage Publications Sage UK: London, England}
}

@article{yim2007modular,
	title={Modular self-reconfigurable robot systems [grand challenges of robotics]},
	author={Yim, Mark and Shen, Wei-Min and Salemi, Behnam and Rus, Daniela and Moll, Mark and Lipson, Hod and Klavins, Eric and Chirikjian, Gregory S},
	journal={IEEE Robotics \& Automation Magazine},
	volume={14},
	number={1},
	pages={43--52},
	year={2007},
	publisher={IEEE}
}

@inproceedings{lee2015autonomous,
	title={Autonomous battery swapping system for quadcopter},
	author={Lee, Danny and Zhou, Joe and Lin, Wong Tze},
	booktitle={2015 International Conference on Unmanned Aircraft Systems (ICUAS)},
	pages={118--124},
	year={2015},
	organization={IEEE}
}


